<?xml version="1.0" encoding="UTF-8"?>
<record xmlns="http://www.loc.gov/MARC21/slim" xmlns:xsi="http://www.w3.org/2001/XMLSchema-instance" xsi:schemaLocation="http://www.loc.gov/MARC21/slim http://www.loc.gov/standards/marcxml/schema/MARC21slim.xsd">
<leader>00000cam a22      a 4500</leader>
<controlfield tag="001">001942191</controlfield>
<controlfield tag="003">NNU</controlfield>
<controlfield tag="005">20150610175613.0</controlfield>
<controlfield tag="008">920108s1989    ir       b    000 0 ara d</controlfield>
<datafield tag="010" ind1=" " ind2=" ">
<subfield code="a">   90930411</subfield>
</datafield>
<datafield tag="035" ind1=" " ind2=" ">
<subfield code="a">(OCoLC)25068554</subfield>
</datafield>
<datafield tag="040" ind1=" " ind2=" ">
<subfield code="a">WAU</subfield>
<subfield code="b">eng</subfield>
<subfield code="c">WAU</subfield>
<subfield code="d">DLC</subfield>
<subfield code="d">CUY</subfield>
<subfield code="d">OCLCF</subfield>
<subfield code="d">OCLCO</subfield>
<subfield code="d">NNU</subfield>
</datafield>
<datafield tag="050" ind1=" " ind2="4">
<subfield code="a">BP175</subfield>
<subfield code="b">.B87 1989</subfield>
</datafield>
<datafield tag="100" ind1="1" ind2=" ">
<subfield code="6">880-01</subfield>
<subfield code="a">Bustānī, Maḥmūd.</subfield>
</datafield>
<datafield tag="245" ind1="1" ind2="3">
<subfield code="6">880-02</subfield>
<subfield code="a">al-Islām wa-ʻilm al-nafs /</subfield>
<subfield code="c">Maḥmūd Bustānī.</subfield>
</datafield>
<datafield tag="250" ind1=" " ind2=" ">
<subfield code="6">880-03</subfield>
<subfield code="a">[al-Ṭabʻah 1.]</subfield>
</datafield>
<datafield tag="260" ind1=" " ind2=" ">
<subfield code="6">880-04</subfield>
<subfield code="a">Mashhad, Īrān :</subfield>
<subfield code="b">Majmāʻ al-Buḥūth al-Islāmīyah,</subfield>
<subfield code="c">1409 [1989]</subfield>
</datafield>
<datafield tag="300" ind1=" " ind2=" ">
<subfield code="a">297 p. ;</subfield>
<subfield code="c">23 cm.</subfield>
</datafield>
<datafield tag="490" ind1="1" ind2=" ">
<subfield code="6">880-05</subfield>
<subfield code="a">Mawsūʻah al-Islāmīyah ;</subfield>
<subfield code="v">v 1</subfield>
</datafield>
<datafield tag="500" ind1=" " ind2=" ">
<subfield code="a">Title on p. [4] of cover: Islam &amp; psychology.</subfield>
</datafield>
<datafield tag="504" ind1=" " ind2=" ">
<subfield code="a">Includes bibliographical references.</subfield>
</datafield>
<datafield tag="650" ind1=" " ind2="0">
<subfield code="a">Islam</subfield>
<subfield code="x">Psychology.</subfield>
</datafield>
<datafield tag="650" ind1=" " ind2="7">
<subfield code="a">Islam</subfield>
<subfield code="x">Psychology.</subfield>
<subfield code="2">fast</subfield>
<subfield code="0">(OCoLC)fst00979823</subfield>
</datafield>
<datafield tag="740" ind1="0" ind2="1">
<subfield code="a">Islam &amp; psychology.</subfield>
</datafield>
<datafield tag="740" ind1="0" ind2="1">
<subfield code="a">Islam and psychology.</subfield>
</datafield>
<datafield tag="776" ind1="0" ind2="8">
<subfield code="i">Online version:</subfield>
<subfield code="a">Bustānī, Maḥmūd.</subfield>
<subfield code="t">Islām wa-ʻilm al-nafs.</subfield>
<subfield code="b">[al-Ṭabʻah 1.]</subfield>
<subfield code="d">Mashhad, Īrān : Majmāʻ al-Buḥūth al-Islāmīyah, 1409 [1989]</subfield>
<subfield code="w">(OCoLC)555607023</subfield>
</datafield>
<datafield tag="880" ind1="0" ind2=" ">
<subfield code="6">100-01/</subfield>
<subfield code="a">محمود البستاني.</subfield>
</datafield>
<datafield tag="880" ind1="1" ind2="2">
<subfield code="6">245-02/</subfield>
<subfield code="a">الاسلام وعلم النفس /</subfield>
<subfield code="c">محمود البستاني.</subfield>
</datafield>
<datafield tag="880" ind1=" " ind2=" ">
<subfield code="6">250-03/</subfield>
<subfield code="a">[الطبعة 1.]</subfield>
</datafield>
<datafield tag="880" ind1=" " ind2=" ">
<subfield code="6">260-04/</subfield>
<subfield code="a">مشهد، ايران :</subfield>
<subfield code="b">مجمع البحوث الاسلامية،</subfield>
<subfield code="c">1409 [1989]</subfield>
</datafield>
<datafield tag="880" ind1="1" ind2=" ">
<subfield code="6">490-05/</subfield>
<subfield code="a">الموسوعة الاسلامية ؛</subfield>
<subfield code="v">1</subfield>
</datafield>
<datafield tag="830" ind1=" " ind2="0">
<subfield code="6">880-06</subfield>
<subfield code="a">Mawsūʻah al-Islāmīyah ;</subfield>
<subfield code="v">v 1.</subfield>
</datafield>
<datafield tag="880" ind1=" " ind2="0">
<subfield code="6">830-06/</subfield>
<subfield code="a">الموسوعة الاسلامية ؛ ;</subfield>
<subfield code="v">1.</subfield>
</datafield>
<datafield tag="OWN" ind1=" " ind2=" ">
<subfield code="a">GENERAL</subfield>
</datafield>
<datafield tag="AVA" ind1=" " ind2=" ">
<subfield code="a">NYU50</subfield>
<subfield code="b">BOBST</subfield>
<subfield code="c">Main Collection</subfield>
<subfield code="d">BP175 .B88 1989</subfield>
<subfield code="e">unavailable</subfield>
<subfield code="t">Unavailable</subfield>
<subfield code="f">1</subfield>
<subfield code="g">1</subfield>
<subfield code="h">N</subfield>
<subfield code="i">0</subfield>
<subfield code="j">MAIN</subfield>
<subfield code="k">0</subfield>
</datafield>
</record>
